<record><leader>00000cas a22000007a 4500</leader><controlfield tag="001">18998501</controlfield><controlfield tag="008">890110d18781880pauwr ne      0    0eng d</controlfield><datafield ind1=" " ind2=" " tag="010"><subfield code="a">sn 89077010 </subfield></datafield><datafield ind1=" " ind2=" " tag="040"><subfield code="a">NPH</subfield><subfield code="b">eng</subfield><subfield code="c">NPH</subfield><subfield code="d">OCLCQ</subfield></datafield><datafield ind1=" " ind2=" " tag="042"><subfield code="a">msc</subfield></datafield><datafield ind1="0" ind2=" " tag="130"><subfield code="a">Oil City weekly derrick (Oil City, Pa. : 1878)</subfield></datafield><datafield ind1="1" ind2="0" tag="245"><subfield code="a">Oil City weekly derrick.</subfield></datafield><datafield ind1=" " ind2=" " tag="260"><subfield code="a">Oil City, Pa. :</subfield><subfield code="b">W.H. Longwell &amp; Co.,</subfield><subfield code="c">1878-</subfield></datafield><datafield ind1=" " ind2=" " tag="300"><subfield code="a">v. ;</subfield><subfield code="c">55 cm.</subfield></datafield><datafield ind1=" " ind2=" " tag="310"><subfield code="a">Weekly</subfield></datafield><datafield ind1="0" ind2=" " tag="362"><subfield code="a">Vol. 1, no. 1 (Jan. 4, 1878)-</subfield></datafield><datafield ind1="1" ind2=" " tag="362"><subfield code="a">Ceased in 1880?</subfield></datafield><datafield ind1=" " ind2=" " tag="752"><subfield code="a">United States</subfield><subfield code="b">Pennsylvania</subfield><subfield code="c">Venango</subfield><subfield code="d">Oil City.</subfield></datafield><datafield ind1="0" ind2=" " tag="775"><subfield code="t">Daily derrick</subfield><subfield code="w">(DLC)sn 84026124</subfield></datafield><datafield ind1="0" ind2="0" tag="780"><subfield code="t">Oil City weekly times</subfield><subfield code="w">(DLC)sn 84026123</subfield></datafield><datafield ind1="0" ind2="0" tag="785"><subfield code="t">Oil City Sunday derrick</subfield><subfield code="w">(DLC)sn 87080511</subfield></datafield></record>